@inproceedings{martins2021early,
  title={Early prediction of student’s performance in higher education: A case study},
  author={Martins, M{\'o}nica V and Tolledo, Daniel and Machado, Jorge and Baptista, Lu{\'\i}s MT and Realinho, Valentim},
  booktitle={Trends and Applications in Information Systems and Technologies: Volume 1 9},
  pages={166--175},
  year={2021},
  organization={Springer}
}

@incollection{efron1992bootstrap,
  title={Bootstrap methods: another look at the jackknife},
  author={Efron, Bradley},
  booktitle={Breakthroughs in statistics},
  year={1992},
  publisher={Springer},
}

@article{breiman2001random,
  title={Random forests},
  author={Breiman, Leo},
  journal={Machine learning},
  volume={45},
  number={1},
  year={2001},
  publisher={Springer},
}

@book{breiman_1984, 
 place={Belmont, Calif}, 
 title={Classification and regression trees}, 
 publisher={Wadsworth International Group}, 
 author={Breiman, Leo}, 
 year={1984}
}

@article{RF_structure,
author = {Quiroz, Juan and Mariun, N. and Mehrjou, Mohammad and Izadi, Mahdi and Norhisam, M. and Mohd Radzi, Mohd Amran},
year = {2017},
month = {11},
pages = {273-280},
title = {Fault detection of broken rotor bar in LS-PMSM using random forests},
volume = {116},
journal = {Measurement},
doi = {10.1016/j.measurement.2017.11.004}
}

@article{freund1997decision,
  title={A decision-theoretic generalization of on-line learning and an application to boosting},
  author={Freund, Yoav and Schapire, Robert E},
  journal={Journal of computer and system sciences},
  volume={55},
  number={1},
  pages={119--139},
  year={1997},
  publisher={Elsevier}
}

@article{freund1999short,
  title={A short introduction to boosting},
  author={Freund, Yoav and Schapire, Robert and Abe, Naoki},
  journal={Journal-Japanese Society For Artificial Intelligence},
  volume={14},
  number={771-780},
  pages={1612},
  year={1999},
  publisher={JAPANESE SOC ARTIFICIAL INTELL}
}

@article{adab_pic,
author = {Wang, Zhuo and Zhang, Jintao and Verma, Naveen},
year = {2015},
month = {12},
pages = {1-1},
title = {Realizing Low-Energy Classification Systems by Implementing Matrix Multiplication Directly Within an ADC},
volume = {9},
journal = {IEEE Transactions on Biomedical Circuits and Systems},
doi = {10.1109/TBCAS.2015.2500101}
}

@techreport{breiman1997arcing,
  title={Arcing the edge},
  author={Breiman, Leo},
  year={1997},
  institution={Technical Report 486, Statistics Department, University of California at~…}
}

@article{friedman2001greedy,
  title={Greedy function approximation: a gradient boosting machine},
  author={Friedman, Jerome H},
  journal={Annals of statistics},
  pages={1189--1232},
  year={2001},
  publisher={JSTOR}
}

@article{friedman2002stochastic,
  title={Stochastic gradient boosting},
  author={Friedman, Jerome H},
  journal={Computational statistics \& data analysis},
  volume={38},
  number={4},
  pages={367--378},
  year={2002},
  publisher={Elsevier}
}

@misc{g4g_Gb, title={ML - Gradient Boosting}, url={https://www.geeksforgeeks.org/ml-gradient-boosting/}, journal={GeeksforGeeks}, author={nikki2398@nikki2398}, year={2020}, month={Sep}
, urldate = {2025-07-07},
}

@misc{starmer_2019_GBR, 
 title={Gradient Boost Part 2 (of 4): Regression Details}, url={https://www.youtube.com/watch?v=2xudPOBz-vs&amp;}, journal={YouTube}, 
 publisher={YouTube}, 
 author={Starmer, Josh}, 
 year={2019}, 
 month={Apr},
 urldate = {2025-07-07},
}
 
@misc{starmer_2019_GBC, title={Gradient Boost Part 4 (of 4): Classification Details}, url={https://www.youtube.com/watch?v=StWY5QWMXCw}, journal={YouTube}, publisher={YouTube}, author={Starmer, Josh}, year={2019}, month={Apr}, urldate = {2025-07-07},} 

@misc{gb_graph, title={Gradient Boosting Trees for Classification: A Beginner’s Guide}, url={https://morioh.com/p/e108a4521555}, author={Huel, Wanda}}

 @inproceedings{chen2016xgboost,
  title={Xgboost: A scalable tree boosting system},
  author={Chen, Tianqi and Guestrin, Carlos},
  booktitle={Proceedings of the 22nd acm sigkdd international conference on knowledge discovery and data mining},
  year={2016}
}

 @misc{xgboost_model_tut, title={Introduction to Boosted Trees¶}, url={https://xgboost.readthedocs.io/en/latest/tutorials/model.html}, journal={Introduction to Boosted Trees - xgboost 1.5.0-SNAPSHOT documentation}, publisher={Sphinx}, author={xgboost developers}, urldate = {2025-07-07}} 
  
@misc{Taylor_theorem, title={Taylor's theorem}, url={https://en.wikipedia.org/wiki/Taylor\%27s_theorem}, journal={Wikipedia}, publisher={Wikimedia Foundation}, year={2021}, month={May}, urldate = {2025-07-07}
} 

@misc{ann_struct,
 title                = {Artificial neural network},
 url                  = {https://commons.wikimedia.org/wiki/File:Artificial_neural_network.svg},
 author               = {Colin M.L. Burnett},
 year                 = {2006}
}


@misc{rnn_unfold,
 title                = {Recurrent neural network unfold},
 url                  = {https://en.wikipedia.org/wiki/File:Recurrent_neural_network_unfold.svg},
 author               = {Ixnay},
 year                 = {2017}
}

@article{lstm_struct,
 author               = {Yuan, Xiaofeng and Li, Lin and Wang, Yalin},
 year                 = {2019},
 month                = {02},
 pages                = {1-1},
 title                = {Nonlinear Dynamic Soft Sensor Modeling With Supervised Long Short-Term Memory Network},
 volume               = {PP},
 journal              = {IEEE Transactions on Industrial Informatics},
 doi                  = {10.1109/TII.2019.2902129}
}

@misc{yunsuxiaozi,
    author = {Yunsu Xiaozi},
    title = {Daily Climate time series data},
    year = {2023},
    howpublished = {\url{https://www.kaggle.com/code/yunsuxiaozi/cnn-lstm}},
    note = {Kaggle}
}

%K-Means
@book{bishop2006pattern,
  title={Pattern Recognition and Machine Learning},
  author={Bishop, Christopher M.},
  year={2006},
  publisher={Springer}
}

@misc{starmer_2020_XGB, title={XGBoost Part 3 (of 4): Mathematical Details}, url={https://www.youtube.com/watch?v=ZVFeW798-2I}, journal={YouTube}, publisher={YouTube}, author={Starmer, Josh}, year={2020}, month={Feb},
  urldate = {2025-07-07}} 

% Spectral Clustering
@ARTICLE{868688,
  author={Jianbo Shi and Malik, J.},
  journal={IEEE Transactions on Pattern Analysis and Machine Intelligence}, 
  title={Normalized cuts and image segmentation}, 
  year={2000},
  volume={22},
  number={8},
  pages={888-905},
  keywords={Image segmentation;Brightness;Clustering algorithms;Data mining;Eigenvalues and eigenfunctions;Bayesian methods;Coherence;Tree data structures;Filling;Partitioning algorithms},
  doi={10.1109/34.868688}}

% nghiencuu lien quan
%tabular 1
@article{2023,
  title = {Using Machine Learning models to predict the on-time graduation status of students},
  ISSN = {1859-011X},
  url = {http://dx.doi.org/10.59276/TCKHDT.2023.08.2506},
  DOI = {10.59276/tckhdt.2023.08.2506},
  number = {255},
  journal = {Tạp chí Khoa học và Đào tạo Ng\^an hàng},
  publisher = {Banking Academy of Vietnam},
  author = {Nguyễn,  Văn Thủy},
  year = {2023},
  month = aug,
  pages = {52–64}
}

@article{article_tab_1,
author = {Rohmani, Mayda and Hartanti, Dwi and Asri, Anindhiasti},
year = {2025},
month = {06},
pages = {219-227},
title = {KNOWLEDGE-BASED HIJAB PRODUCT SELECTION RECOMMENDATION SYSTEM AT CANDY SCARVES},
volume = {7},
journal = {Jurnal Riset Informatika},
doi = {10.34288/jri.v7i3.377}
}

%tabular 2
@inproceedings{armenta2023anime,
  title={Anime Success Prediction Based on Synopsis Using Traditional Classifiers},
  author={Armenta-Segura, Jes{\'u}s and Sidorov, Grigori},
  booktitle={Proceedings of Congreso Mexicano de Inteligencia Artificial, COMIA},
  year={2023}
}

@inproceedings{setiawan2023time,
  title={Time Series Model to Predict Future Popular Animes Genres in 2025},
  author={Setiawan, Nathanael and Hendra, Jayson Mikael and Wijaya, Bernard and Qomariyah, Nunung Nurul and Astriani, Maria Seraphina},
  booktitle={E3S Web of Conferences},
  volume={388},
  pages={02002},
  year={2023},
  organization={EDP Sciences}
}

%tabular 3
@misc{kapilavayi,
    author = {CRakesh Kapilavayi},
    title = {Extrovert vs. Introvert Behavior Data},
    year = {2025},
    howpublished = {\url{https://www.kaggle.com/datasets/rakeshkapilavai/extrovert-vs-introvert-behavior-data/data}},
    note = {Kaggle}
}

@article{article_tab_3,
author = {P.Q, Thuan and Thuân, Nguyễn},
year = {2020},
month = {09},
pages = {39},
title = {ỨNG DỤNG CÁC THUẬT TOÁN HỌC MÁY ĐỂ ĐÁNH GIÁ BỘ CƠ SỞ DỮ LIỆU TRONG PHÂN LOẠI RỐI LOẠN PHỔ TỰ KỶ},
volume = {10},
journal = {Tạp chí Khoa học Đại học Đà Lạt},
doi = {10.37569/DalatUniversity.10.3.649(2020)}
}

% Times - Series 2
@article{Dng2022,
  title = {Ứng dụng m\^o hình đa biến bộ nhớ dài - ngắn hạn trong dự báo nhiệt độ và lượng mưa},
  volume = {58},
  ISSN = {1859-2333},
  url = {http://dx.doi.org/10.22144/ctu.jvn.2022.158},
  DOI = {10.22144/ctu.jvn.2022.158},
  number = {4},
  journal = {Can Tho University Journal of Science},
  publisher = {Can Tho University},
  author = {Dương,  Thị Hà and Nguyễn,  Thái Nghe},
  year = {2022},
  month = aug,
  pages = {8–16}
}